@STRING(BMK = "Biometrika")

@article{gentleman:lmk,
  author          = {Gentleman, Robert and Geyer, Charles J.},
  title           = {Maximum likelihood for interval censored data: Consistency and computation},
  journal         = {Biometrika},
  volume          = {81},
  number          = {3},
  year            = {1994}
}
