@Book{Fang1990,
  author =   {Fang, K. T. and Kotz, S. and Ng, K. W.},
  title =    {Symmetric Multivariate and Related Distributions},
  publisher ={Chapman and Hall},
  year =     {1990},
}


@Book{Chen2001,
  author =   {Chen, M. H. and Shao, Q. M. and Ibrahim, J. G.},
  title =    {Monte Carlo Methods in Bayesian Computation},
  publisher ={Springer},
  year =     {2001},
  }

@Book{Johnson1994,
  author =   {Johnson, N. L. and Kotz, S. and Balakrishnan, N.},
  title =    {Continuous Univariate Distributions, Vol. 1},
  publisher ={Wiley},
  year =     {1994},
  }

@phdthesis{Lachos2004,
  author =       {Lachos, V. H.},
  title =        {Modelos Lineares Mistos Assimétricos},
  school =       {IME-USP},
  year =         {2004}
}

@ARTICLE{Owen1980,
  author =       {Owen, D. B.},
  title =        {A table of normal integrals},
  journal =      {Communications in Statistics : Simulation and Computation},
  year =         {1980},
  volume =       {9(4)},
  pages =        {389-419}
}

@ARTICLE{Chibetal1991,
  author =       {Chib, S.  and Osiewalski, J. and Steel, M. F. J.},
  title =        {Posterior Inference on the degrees of freedom parameter in multivariate-$t$ regression models},
  journal =      {Economics Letters},
  year =         {1991},
  volume =       {37},
  pages =        {391-397}
}

@ARTICLE{GuptaBrown2001,
  author =       {Gupta, R. C.  and Brown, N.},
  title =        {Realibility studies of the skew-normal distribution an its applications to a strength-stress model},
  journal =      {Communications in Statistics : Theory and Methods},
  year =         {2001},
  volume =       {30(11)},
  pages =        {2427-2445}
}


@ARTICLE{Liu2003a,
  author =       {Liu, C.},
  title =        {Alternating subspace spanning resampling to accelerate {Markov Chain Monte Carlo} simulation},
  journal =      {Journal of the American Statistical Association},
  year =         {2003},
  volume =       {98},
  pages =        {110-117}
}

@ARTICLE{LiuRubinWu1998,
  author =       {Liu, C. and Rubin, D. B. and Wu, Y. N.},
  title =        {Parameter expansion to accelerate {EM} : the {PX-EM} algorithm},
  journal =      {Biometrika},
  year =         {1998},
  volume =       {85},
  pages =        {755-770}
}

@ARTICLE{LiuWu1999,
  author =       {Liu, J. S. and Wu, Y. N.},
  title =        {Parameter expansion for data augmentation},
  journal =      {Journal of the American Statistical Association},
  year =         {1999},
  volume =       {94},
  pages =        {247-265}
}


@Article{Liu2003b,
  author =       {Liu, C.},
  title =        {An example of algorithm mining: covariance adjustment to accelarate {EM} and {Gibbs}},
  journal =      {Development of Modern Statistics and Related Topics},
  year =         {2003},
  volume =       {},
  pages =        {},
  note = 				 {edited by Heping Zhang and Jian Huang}	
}


@ARTICLE{SahuDeyBranco2003,
  author =       {Sahu, S. K and Dey, D. K. and Branco, M. D },
  title =        {A new class of multivariate skew distributions with aplications to Bayesian regression models},
  journal =      {The Canadian Journal of Statistics},
  year =         {2003},
  volume =       {31(2)},
  pages =        {129-150}
}

@ARTICLE{Azzalini1985,
  author =       {Azzalini, A.},
  title =        {A class of distributions wich includes the normal ones},
  journal =      {Scandinavian Journal of Statistics},
  year =         {1985},
  volume =       {12},
  pages =        {171-178}
}

@unpublished{Azzalini2004,
  author =       {Azzalini, A.},
  title =        {The skew-normal distribution and related multivariate families},
  year =         {2004},
  note =				 {http://tango.stat.unipd.it/SN/review.ps}
}

@techreport{Sartori2005,
  author =       {Sartori, N.},
  title =        {Bias prevention of maximum likelihood estimates: skew normal and skew \textit{t} distributions},
  institution=	 {Dip. Scienze Statistiche, Università di Padova, Italy},
  year =         {2003},
}


@unpublished{Liseo2004,
  author =       {Liseo, B. and Loperfido, N.},
  title =        {A note on reference priors for the scalar skew-normal distribution},
  note =     		 {\textit{Journal of Statistical Planning and Inference} to appear},
  year =         {2004},
}

@ARTICLE{BergerBernardo1992,
  author =       {Berger, J. and Bernardo, J.},
  title =        {On the development of reference priors},
  journal =      {Bayesian Statistics},
  year =         {1992},
  volume =       {4},
  pages =        {35-60}
}

@ARTICLE{ChaibubBranco2003,
  author =       {Chaibub Neto, E. and Branco, M. D.},
  title =        {Bayesian reference analysis for binomial calibration problem},
  journal =      {RT-MAE},
  year =         {2003},
  volume =       {2003-12},
  pages =        {IME -USP}
}



@ARTICLE{Firth1993,
  author =       {Firth, D.},
  title =        {Bias reduction of maximum likelihood estimates},
  journal =      {Biometrika},
  year =         {1993},
  volume =       {82},
  pages =        {27-38}
}


@ARTICLE{Henze1986,
  author =       {Henze, N.},
  title =        {A probabilistic representation of the skew-normal distribution},
  journal =      {Scandinavian Journal of Statistics},
  year =         {1986},
  volume =       {13},
  pages =        {271-275}
}

@ARTICLE{Pewsey2000,
  author =       {Pewsey, A.},
  title =        {Problems of inference for {Azzalini's} skew-normal distribution},
  journal =      {Journal of Applied Statistics},
  year =         {2000},
  volume =       {27},
  pages =        {859-870}
}


@ARTICLE{OHaganLeonard1976,
  author =       {O'Hagan, A. and Leonard, T.},
  title =        {Bayes estimation subject to uncertainty about parameter constraints},
  journal =      {Biometrika},
  year =         {1976},
  volume =       {63},
  pages =        {201-202}
}

@ARTICLE{AignerLovell1977,
  author =       {Aigner, D. J. and Lovell, C. A. K. and Schmidt, P.},
  title =        {Formulation and estimation of stochastic frontier production function model},
  journal =      {Journal of Econometrics},
  year =         {1977},
  volume =       {12},
  pages =        {12-37}
}

@ARTICLE{Roberts1966,
  author =       {Roberts, C.},
  title =        {A correlation model useful in the study of twins},
  journal =      {Journal of the American Statistical Association},
  year =         {1966},
  volume =       {61},
  pages =        {1184-1190}
}

@ARTICLE{AzzaliniDallaValle1996,
  author =       {Azzalini, A. and Dalla Valle, A.},
  title =        {The multivariate skew-normal distribution},
  journal =      {Biometrika},
  year =         {1996},
  volume =       {83},
  pages =        {715-726}
}

@ARTICLE{AzzaliniCapitanio1999,
  author =       {Azzalini, A. and Capitanio, A.},
  title =        {Statistical applications of the multivariate skew-normal distribution},
  journal =      {Journal of the Royal Statistical Society: Series B},
  year =         {1999},
  volume =       {61(3)},
  pages =        {579-602}
}

@ARTICLE{GentonHeLiu2001,
  author =       {Genton, M. G. and He, L. and Liu, X.},
  title =        {Moments of skew-normal random vectors and their quadratic forms},
  journal =      {Statistics and Probability Letters},
  year =         {2001},
  volume =       {51},
  pages =        {319-325}
}

@unpublished{Vidal2004,
  author = {Vidal, I. and Iglesias, P. and Branco, M. D. and Arellano-Valle, R. B.},
  note = {\textit{Journal of Statistical Planning and Inference} to appear},
  year = {2004},
  title = {Bayesian sensitivity analysis and model comparison for skew elliptical models},
}

@Book{Paulino2003,
  author =   {Paulino, C. D. and Turkman, M. A. and Murteira, B.},
  title =    {Estatística Bayesiana},
  publisher ={Fundação Calouste Gulbenkian, Lisboa},
  year =     {2003},
  }

@ARTICLE{ArellanoGenton2005,
  author =       {Arellano-Valle, R. B. and Genton, M. G.},
  title =        {On fundamental skew distributions},
  journal =      {Journal of Multivariate Analysis},
  year =         {2005},
  volume =       {96},
  pages =        {93-116}
}


@ARTICLE{BrancoDey2001,
  author =       {Branco, M. D. and Dey, D. K},
  title =        {A general class of multivariate skew-elliptical distributions},
  journal =      {Journal of Multivariate Analysis},
  year =         {2001},
  volume =       {79},
  pages =        {99-114}
}

@ARTICLE{AzzaliniCapitanio2003,
  author =       {Azzalini, A. and Capitanio, A.},
  title =        {Distributions generated by perturbation of symmetry with emphasis on a multivariate skew $t$ distribution},
  journal =      {Journal of the Royal Statistical Society Ser. B},
  year =         {2003},
  volume =       {65},
  pages =        {367-389}
}

@ARTICLE{LairdWare1982,
  author =       {Laird, N. L. and Ware, J. H.},
  title =        {Random-effects model for longitudinal data},
  journal =      {Biometrics},
  year =         {1982},
  volume =       {38},
  pages =        {963-974}
}

@ARTICLE{ZhangDavidian2001,
  author =       {Zhang, D. and Davidian, M.},
  title =        {Linear Mixed Models with Flexible Distributions of Random Effects for Longitudinal Data},
  journal =      {Biometrics},
  year =         {2001},
  volume =       {57},
  pages =        {795-802}
}


@ARTICLE{Pinheiroetal2001,
  author =       {Pinheiro, J. C. and  Liu, C. and Wu, Y. N.},
  title =        {Efficient Algorithms for Robust estimation in Linear Mixed-Effects Models Using the Multivariate $t$ Distribution},
  journal =      {Journal of Computational and Graphical Statistics},
  year =         {2001},
  volume =       {10},
  pages =        {249-276}
}


@ARTICLE{Lachosetal2005,
  author =       {Arellano-Valle, R. B. and Bolfarine, H. and Lachos, V.H.},
  title =        {Skew-normal Linear Mixed Models},
  journal =      {Journal of Data Science},
  year =         {2005},
  volume =       {3},
  pages =        {415-438}
}


@ARTICLE{Breuschetal1997,
  author =       {Breusch, T. S. and Robertson, J. C. and Welsh, A. H.},
  title =        {The emperor's new clothes: a critique of the multivariate $t$ regression model},
  journal =      {Statistica Neerlandica},
  year =         {1997},
  volume =       {51(3)},
  pages =        {269-286}
}



@unpublished{Staudenmayer2005,
  author =       {Staudenmayer, J. and Lake, E. E. and Wand, M. P.},
  title =        {Robustness for the general design mixed models using},
  note =     		 {\textit{Submitted and under review} },
  year =         {2005}
}

@ARTICLE{PotthoffRoy1964,
  author =       {Potthoff, R. F and Roy, S. N.},
  title =        {A generalized multivariate analysis of variance model useful especially for growth curve problems},
  journal =      {Biometrika},
  year =         {1964},
  volume =       {51},
  pages =        {313-326}
}


@ARTICLE{Rosaetal2004,
AUTHOR={Rosa, G. J. M. and Gianola, D. and Padovani, C. R.},
TITLE={Bayesian Longitudinal Data Analysis with Mixed Models and Thick-tailed Distributions using {MCMC}},
JOURNAL={Journal of Applied Statistics},
YEAR={2004},
VOLUME={31},
NUMBER={7},
PAGES={855-873},
MONTH={January}
}

@ARTICLE{Rosaetal2003,
AUTHOR={Rosa, G. J. M. and Padovani, C. R. and Gianola, D.},
TITLE={Robust Linear Mixed Models with Normal/Independent Distributions and Bayesian {MCMC} Implementation},
JOURNAL={Biometrical Journal},
YEAR={2003},
VOLUME={45},
NUMBER={5},
PAGES={573-590},

}


@incollection {Gelfand1996,
    author = {Gelfand, A. E.},
    title = {Model Determination using Sampling-based methods},
    booktitle = {Markov Chain Monte Carlo in Practice},
    publisher = {Chapman Hall, London},
    year = {1996},
    editor = {Gilks, W.R.              and Richardson, S.              and Spiegelhalter, D. J.},
    chapter = {9},
    pages = {145-161},
    edition = {1st}
}

  
 @ARTICLE{Spiegelhalter2002,
  author =       {Spiegelhalter, D. J. and Best, N. and Carlin, B. and Van der Linde, A.},
  title =        {Bayesian measures of model complexity and fit (with discussion)},
  journal =      {Journal of the Royal Statistical Society, Series B},
  year =         {2002},
  volume =       {64},
  pages =        {583-640}
}



@ARTICLE{Mendoza1997,
AUTHOR={Mendoza-Blanco, J. R. and Tu, X. M.},
TITLE={An Algorithm for Sampling the Degrees of Freedom in Bayesian Analysis of Linear Regressions with t-distributed Errors},
JOURNAL={Journal of the Royal Statistical Society: Series C (Applied Statistics)},
YEAR={1997},
VOLUME={46},
NUMBER={3},
PAGES={383-388},
MONTH={August}
}

@ARTICLE{Watanabe2001,
  author =       {Watanabe, T.},
  title =        {On sampling the degree-of-freedom of Student's-$t$ disturbances},
  journal =      {Statistics and Probability Letters},
  year =         {2001},
  volume =       {52},
  pages =        {177-181}
}

@ARTICLE{Geisser1979,
  author =       {Geisser, S. and Eddy, W. F.},
  title =        {A Predictive Approach to Model Selection},
  journal =      {Journal of the American Statistical Association},
  year =         {1979},
  volume =       {74},
  pages =        {153-160}
}


@ARTICLE{Zellner1976,
  author =       {Zellner, A.},
  title =        {Bayesian and Non-Bayesian Analysis of the Regression Model with Multivariate Student-$t$ Error Terms},
  journal =      {Journal of the American Statistical Association},
  year =         {1976},
  volume =       {71},
  pages =        {400-405}
}

@ARTICLE{OsiewalskiSteel1993,
  author =       {Osiewalski, J. and Steel, M. F. J.},
  title =        {Robust Bayesian inference in elliptical regression models},
  journal =      {Journal of Econometrics},
  year =         {1993},
  volume =       {57},
  pages =        {345-363}
}

@ARTICLE{Kelker1970,
  author =       {Kelker, D.},
  title =        {Distribution theory of special distributions and location-scale parameter},
  journal =      {Sankhya},
  year =         {1970},
  volume =       {32},
  pages =        {319-430}
}


@ARTICLE{Brancoetal2000,
  author =       {Branco, M. D. and Bolfarine, H. and Iglesias, P. and Arellano-Valle, R. B.},
  title =        {Bayesian analysis of the calibration problem under elliptical distributions},
  journal =      {Journal of Statistical Planning and Inference},
  year =         {2000},
  volume =       {90},
  pages =        {69-85}
}


 
@ARTICLE{BrancoDey2002,
  author =       {Branco, M. D. and Dey, D. K},
  title =        {Regression model under skew elliptical error distribution},
  journal =      {The Journal of Mathematical Sciences},
  year =         {2002},
  volume =       {1},
  pages =        {151-169}
}


@Book{Genton2004,
  author =   {Genton, M. G.},
  title =    {Skew-Elliptical Distributions and Their Applications: A Journey Beyond Normality},
  publisher ={Chapman \& Hall/CRC, Boca Raton, FL},
  year =     {2004},
}


@ARTICLE{FernandezSteel1998,
  author =       {Fernández, C. and Steel, M. F. J.},
  title =        {On Bayesian modelling of fat tails and skewness},
  journal =      {Journal of The American Statistical Association},
  year =         {1998},
  volume =       {93},
  pages =        {359-371}
}


@ARTICLE{JonesFaddy2003,
  author =       {Jones, M. C. and Faddy, M. J.},
  title =        {A skew extension of the t-distribution, with applications},
  journal =      {Journal of the Royal Statistical Society: Series B},
  year =         {2003},
  volume =       {65},
  number = 			 {1},
  pages =        {159-174}
}

@ARTICLE{LinLee2006,
  author =       {Lin, T. I. and Lee, J. C.},
  title =        {A robust approach to $t$ linear mixed models applied to multiple sclerosis data},
  journal =      {Statistics in Medicine},
  year =         {2006},
  volume =       {25},
  pages =        {1397-1412}
}


@unpublished{Jara2005,
  author =       {Jara, A. and Quintana, F.},
  title =        {Linear effects mixed models with skew-elliptical distributions: A Bayesian approach},
  note =     		 {\textit{Submitted and under review} },
  year =         {2005},
}


@ARTICLE{LinLee2006,
  author =       {Lin, T. I. and Lee, J. C.},
  title =        {A robust approach to $t$ linear mixed models applied to multiple sclerosis data},
  journal =      {Statistics in Medicine},
  year =         {2006},
  volume =       {25},
  pages =        {1397-1412}
}


@incollection{Maetal2004,
  author =			{Ma, Y. and Genton, M. G. and Davidian, M.},
  title = 			{Linear mixed effect models with flexible generalized skew-elliptical random effects},
  booktitle = 	{Skew-Elliptical Distributions and Their Applications: A Journey Beyond Normality},
  editor =	 		{Genton, M. G.},
  pages =	 			{339-358},
  address =	 		{Boca Raton, FL},
  publisher =	  {Chapman $\&$ Hall / CRC},
  year =	 			{2004}
}



@ARTICLE{Ghoshetal2007,  
  author =       {Ghosh, P. and Branco, M. D. and Chakraborty, H.},
  title =        {Bivariate random effect model using skew-normal distribution with application to {HIV-RNA}},
  journal =      {Statistics in Medicine},
  year =         {2007},
  volume =       {26},
  pages =        {1255-1267}
}



@ARTICLE{MaGenton2004,  
  author =       {Ma, Y. and Genton, M. G.},
  title =        {A flexible class of skew-symmetric distributions},
  journal =      {Scandinavian Journal of Statistics},
  year =         {2004},
  volume =       {31},
  pages =        {459-468}
}


@MastersThesis{Bayes2005,
  author =       {Bayes, C. L.},
  title =        {Inferência Bayesiana no Modelo Normal Assimétrico},
  school =       {IME-USP},
  year =         {2005}
}


@ARTICLE{BayesBranco2007,
  author =       {Bayes, C. L. and Branco, M. D.},
  title =        {Bayesian Inference for the skewness parameter of the scalar skew-normal distribution},
  journal =      {Brazilian Journal of Probability and Statistics},
  year =         {2007},
  volume =       {21},
  pages =        {141-163}
}


@ARTICLE{Liu1995,
  author =       {Liu, C.},
  title =        {Missing Data Imputation Using the Multivariate $t$ Distribution},
  journal =      {Journal of Multivariate Analysis},
  year =         {1995},
  volume =       {53},
  pages =        {139-158}
}


@ARTICLE{Dempster1984,
  author =       {Dempster, A. P. and Patel, C. M. and Selwyn, M. R. and Roth, A. J.},
  title =        {Statistical and Computational Aspects of Mixed Model Analysis},
  journal =      {Applied Statistics},
  year =         {1984},
  volume =       {33},
  number =       {2},   
  pages =        {203-214}
}

@ARTICLE{Neal2003,
  author =       {Neal, R. M.},
  title =        {Slice Sampling (with discussion)},
  journal =      {The Annals of Statistics},
  year =         {1984},
  volume =       {31},
  pages =        {705-767}
}


@manuaL{WinBUGS141,
  author =       {Spiegelhalter, D. J. and Thomas, A. and Best, N. G. and Lunn, D.},
  title =        {WinBUGS User Manual Version 1.4.1},
  year =         {2004},
	note =				 {\url{http://www.mrc-bsu.cam.ac.uk/bugs}}  
}

@ARTICLE{AzzaliniArellano2008,
  author =       {Azzalini, A. and Arellano-Valle, R. B.},
  title =        {The centred parametrization for the multivariate skew-normal distribution},
  journal =      {Journal of Multivariate Analysis},
  year =         {2008},
  note =         {{\it In press}}
}

@ARTICLE{Brooks2002,
  author =       {Brooks, S. P.},
  title =        {{Discussion on the paper by Spiegelhalter, D. J., Best, N. G., Carlin, B. P.,
and van der Linde, A.}},
  journal =      {Journal Royal Statistical Society, Series B},
  year =         {2002},
  volume =       {64},
  pages =        {616-618}
}

@ARTICLE{Lange1989,
  author =       {Lange, K. L. and Little, R. J. A. and Taylor, J. M. G.},
  title =        {Robust statistical modeling using the t-distribution},
  journal =      {Journal of the American Statistical Association },
   year =        {1989},
  volume =       {84},
  pages =        {881-896}
}

@Book{Gelman2003,
  author =   {Gelman, A. and Carlin, J.B. and Stern, H.S.},
  title =    {Bayesian Data Analysis},
  publisher ={Chapman and Hall},
  year =     {2003},
  }



@ARTICLE{Lachosetal2005b,
  author =       {Arellano-Valle, R. B. and Bolfarine, H. and Lachos, V.H.},
  title =        {Bayesian Inference for Skew-normal Linear Mixed Models},
  journal =      {Journal of Applied Statistics},
  year =         {2007},
  volume =       {6},
  pages =        {663-682}
}

@ARTICLE{PengDey1995,
  author =       {Peng, F. and Dey, D. K.},
  title =        {Bayesian analysis of outlier problems using divergence measures},
  journal =      {The Canadian Journal of Statistics},
  year =         {1995},
  volume =       {23},
  pages =        {199-213}
}

@ARTICLE{Zhou2008,
  author =       {Zhou, T. and He, X.},
  title =        {Three-step Estimation in Linear Mixed Models with Skew-t Distributions},
  journal =      {Journal of Statistical Planning and Inference},
  year =         {2008},
  volume =       {138},
  pages =        {1542-1555}
}


@ARTICLE{Geisser1979,
  author =       {Geisser, F. and Eddy, W.},
  title =        {A predictive approach to model selection},
  journal =      {Journal of the American Statistical Association},
  year =         {1979},
  volume =       {74},
  pages =        {153-160}
}

@incollection{MaGenton2004,
  author =   {Ma, Y. and Genton, M.G. and Davidian, M.},
  title =    {Linear mixed effects models with flexible generalized skew-elliptical random effects},
  booktitle =    {Skew-Elliptical Distributions and their Applications: A Journey Beyond Normality},
  editor = {Genton, M.G.},
  publisher ={Chapman \& Hall/CRC, Boca Raton, FL},
  pages = {339-358},
  year =     {2004},
  }


@ARTICLE{MaGenton2004a,
  author =       {Ma, Y. and Genton, M.G.},
  title =        {A flexible class of skew-symmetric distributions},
  journal =      {Scandinavian Journal of Statistics},
  year =         {2004},
  volume =       {31},
  pages =        {459-468}
}

@Book{Fuller,
  author =   {Fuller, W.A.},
  title =    {Measurement error models},
  publisher ={New York: Wiley},
  year =     {1987},
  }


@Book{Carroll,
  author =   {Carroll, R.J. and Ruppert, D., and Stefanski, L.A.},
  title =    {Measurement Error in NonLinear Models},
  publisher ={Chapman \& Hall},
  year =     {1995},
  }

@ARTICLE{Aokietal2003b,
  author =       {Aoki, R. and Bolfarine, H. and Achcar, J.A. and Leão-Pinto, D.},
  title =        {Bayesian analysis of a multivariate null intercept error-in-variables regression model},
  journal =      {Journal of Biopharmaceutical Statistics},
  year =         {2003},
  volume =       {13},
  pages =        {763-771}
}




@ARTICLE{Labra,
  author =       {Labra, F. and Aoki, R. and Bolfarine, H.},
  title =        {Local influence in null intercept measurement error regression under a Student-t model},
  journal =      {Journal Applied Statistics},
  year =         {2005},
  volume =       {32},
  pages =        {723-740}
}


@ARTICLE{Arellano2005,
  author =       {Arellano-Valle, R.B. and Ozan, S. and Bolfarine, H. and Lachos, V.H.},
  title =        {Skew-Normal Measurement Error Models},
  journal =      {Journal of Multivariate Analysis},
  year =         {2005},
  volume =       {96},
  pages =        {93-116}
}



@ARTICLE{Aokietal2006,
  author =       {Aoki, R. and Pinto, J. and Achcar, J.A. and Bolfarine, H.},
  title =        {Mixture of normal distributions in multivariate null intercept measurement error model},
  journal =      {Journal Of Biopharmaceutical Statistics},
  year =         {2006},
  volume =       {16},
  pages =        {785-802}
}



@ARTICLE{Lachos2007,
  author =       {Lachos, V. H. and Bolfarine, H. and  Arellano-Valle, R. B. and Montenegro, L. C.},
  title =        {Likelihood based inference for multivariate skew-normal regression models},
  journal =      {Communications in Statistics: Theory and Methods},
  year =         {2007},
  volume =       {36},
  pages =        {1769-1786}
}



@ARTICLE{Hadgu,
  author =       {Hadgu, A. and Koch, G.},
  title =        {Application of generalized estimating equations to a dental randomized clinical trial},
  journal =      {Journal of Biopharmaceutical Statistics},
  year =         {1999},
  volume =       {9},
  pages =        {61-178}
}


@ARTICLE{ARS,
  author =       {Gilks, W. R. and Wild, P.},
  title =        {Adaptive rejection sampling for Gibbs sampling},
  journal =      {Applied Statistics},
  year =         {1992},
  volume =       {41},
  pages =        {337-348}
}

@ARTICLE{Alzer,
  author =       {Alzer, H.},
  title =        {On Some Inequalities for the Gamma and Psi Functions},
  journal =      {Mathematics of Computation},
  year =         {1997},
  volume =       {66},
  pages =        {373-389}
}

@ARTICLE{Jara,
  author =       {Jara, A. and Quintana, F. A. and San Martín, E.},
  title =        {Linear mixed models with skew-elliptical distributions: A Bayesian approach},
  journal =      {Computational Statistics and Data Analysis},
  year =         {2008},
  volume =       {52},
  pages =        {5033-5045}
}

@ARTICLE{Zhou,
  author =       {Zhou, T. and He, X. },
  title =        {Three-step Estimation in Linear Mixed Models with Skew-t Distributions},
  journal =      {Journal of Statistical Planning and Inference},
  year =         {2008},
  volume =       {138},
  pages =        {1542-1555}
}


@ARTICLE{Bayes2009,
  author =       {Ghosh, P. and Bayes, C. L. and Lachos, V. H.},
  title =        {A Robust Bayesian Approach to Null Intercept Measurement Error Model with Application to Dental Data},
  journal =      {Computational Statistics and Data Analysis},
  year =         {2009},
  volume =       {53},
  pages =        {1066-1079}
}


@ARTICLE{Kim,
  author =       {Kim, H.},
  title =        {A note on scale mixtures of skew normal distribution},
  journal =      {Statistics and Probability Letters.},
  year =         {2008},
  volume =       {78},
  pages =        {1694-1701}
}



@Book{Day2008,
  author =   {Day, R. A. and Gastel, B.},
  title =    {Como escribir y publicar trabajos científicos},
  publisher ={Greenwood Press},
  year =     {2008},
}

@Book{Gatti2003,
  author =   {Gatti, C. and Wiesse, J.},
  title =    {Técnicas de lectura y redacción : lenguaje científico y académico},
  address =  {Lima},
  publisher ={Universidad del Pacífico},
  year =     {2003},
}


@Book{Hannay2002,
  author =   {Hannay, M.},
  title =    {Effective writing in English},
  publisher ={Bussum: Coutinho},
  year =     {2002},
}

@Book{Ishikawa2003,
  author =   {Ishikawa, R.},
  title =    {Pautas para la publicación de artículos científicos},
  publisher ={Lima: UPCH},
  year =     {2003},
}

@Book{Lang2006,
  author =   {Lang, T.A.},
  title =    {How to report statistics in medicine : annotated guidelines for authors, editors, and reviewers},
  publisher ={Philadelphia, PA : American College of Physicians},
  year =     {2006},
}

@Book{Cascales2003,
  author =   {Cascales-Salinas, B. and Lucas-Saorín, P. and Mira-Ros, J. and Pallarés Ruiz, A.},
  title =    {El libro de \LaTeX},
  publisher ={Madrid: Pearson Education},
  year =     {2003},
}


@Book{Kopka95,
  author =   {Kopka, H. and Daly, P. W.},
  title =    {A guide to \LaTeX $2_\epsilon$ document preparation for beginners and advanced users},
  publisher ={Addison-Wesley Publishers},
  year =     {1995},
}

@Book{Lamport95,
  author =   {Lampor, L.},
  title =    {\LaTeX: a document preparation system},
  publisher ={Addison-Wesley Publishers},
  year =     {1995},
}


@manual{shortLatex,
   title = {The not so short introduction to \LaTeX $2_\epsilon$},
   author = {Oetiker, T.},
   year = {2008},
   note = {\url{http://tobi.oetiker.ch/lshort/lshort.pdf}}
}


@ARTICLE{Writing1,
  author =       {Ehrenberg, A. S. C.},
  title =        {Writing Technical Papers or Reports},
  journal =      {The American Statistician},
  year =         {1982},
  volume =       {36},
  pages =        {326-329},
  note =				 {\url{http://homes.stat.unipd.it/salvan/dott/Am_Stat_82.pdf}}
}

@ARTICLE{Writing2,
  author =       {Marron, J. S.},
  title =        {Effective writing in mathematical statistics},
  journal =      {Statistica Neerlandica},
  year =         {1999},
  volume =       {53},
  pages =        {68-75},
  note =				 {\url{http://www.unc.edu/~haipeng/teaching/marron.pdf}}
}

@ARTICLE{Graph1,
  author =       {Cook, R. D. and Weisberg, S.},
  title =        {Graphs in Statistical Analysis: Is the Medium the Message?},
  journal =      {The American Statistician},
  year =         {1999},
  volume =       {53},
  pages =        {29-37},
  note =				 {\url{http://www.unc.edu/~haipeng/teaching/marron.pdf}}
}


@misc{effective,
author =  {Giltinian, D.},
year = {2002},
title = {Giving an Effective Presentation},
note = {\url{http://www4.stat.ncsu.edu/~davidian/st810a/effective.pdf}}
}


@ARTICLE{Reading1,
  author =       {Murphy, J. R.},
  title =        {How to read the statistical methods literature: a guide for students},
  journal =      {The American Statistician},
  year =         {1997},
  volume =       {51},
  pages =        {155-157},
  note =				 {\url{http://www.sci.sdsu.edu/classes/biology/bio597/deutschman/ref/murphy_1997.pdf}}
}



@ARTICLE{Writing3,
  author =       {Gopen, G. D. and Swan, J. A.},
  title =        {The Science of Scientific Writing},
  journal =      {American Scientist},
  year =         {1997},
  volume =       {78},
  pages =        {550-558},
  note =				 {\url{http://www.unc.edu/~haipeng/teaching/sci.pdf}}
}



@techreport{Simulation1,
title = {Simulation Study in Statistics},
author = {Li, E. and Boos, D. and Gumpertz, M.},
year = {2001},
note = {\url{http://www4.stat.ncsu.edu/~gumpertz/st810a/simmg.ps}}
}


@article{Simulation2,
title = {The design of simulation studies in medical},
note = {\url{http://www.soph.uab.edu/Statgenetics/Club_ssg/MPadilla_07.pdf}},
author = {Burton, A. and Altman, D. G. and Royston, P. and Holder, R. L.},
journal = {Statistics in Medicine},
year = {2006},
volume = {25},
pages = {4279-4292}
}


@manual{Simulation3,
title = {A beginner's guide to simulation studies},
note = {\url{http://www.scsug.org/SCSUGProceedings/2003/Foster - simulation studies paper.pdf}},
author = {Foster, B.},
year = {2003}
}


@article{Gelman1,
title = {Let's Practice What We Preach: Turning Tables into Graphs},
note = {\url{http://www.stat.ncsu.edu/people/fuentes/courses/st810a/gelman.pdf}},
author = {Gelman, A. and Pasarica, C. and Dodhia, R.},
journal = {The American Statistician},
year = {2002},
volume = {56},
pages = {121-130}
}


@manual{beamer,
title = {The beamer class},
note = {\url{http://www.ctan.org/tex-archive/macros/latex/contrib/beamer/doc/beameruserguide.pdf}},
author = {Tantau, T.},
year = {2007}
}

@manual{seminar,
title = {seminar.sty A \LaTeX style for slides and notes User's Guide},
note = {\url{ftp://tug.ctan.org/tex-archive/macros/latex/contrib/seminar/doc/sem-user.pdf}},
author = {Van Zandt, T.},
year = {1993}
}




@ARTICLE{betareg,
  author =       {Ferrari, S.L.P. and Cribari-Neto, F.},
  title =        {Beta regression for modelling rates and proportions},
  journal =      {Journal of Applied Statistics},
  year =         {2004},
  volume =       {31},
  pages =        {799-815}
}

@ARTICLE{betareg2,
  author =       {Branscum, A. J. and Johnson, W. O. and Thurmond, M. C.},
  title =        {Bayesian Beta regression; application to househol data and genetic distance between foot-and-mouth disease viruses},
  journal =      {Australian \& New Zealand Journal of Statistics},
  year =         {2007},
  volume =       {49},
  number =			 {3},
  pages =        {287-301}
}

@Book{Congdon2003,
  author =   {Congdon, P.},
  title =    {{Applied-Bayesian-Modelling }},
  publisher ={John Wiley \& Sons },
  year =     {2003},
}

